@inproceedings{singh2016question,
  title={Question Independent Grading using Machine Learning: The Case of Computer Program Grading},
  author={Singh, Gursimran and Srikant, Shashank and Aggarwal, Varun},
  booktitle={Proceedings of the 22nd ACM SIGKDD International Conference on Knowledge Discovery and Data Mining},
  pages={263--272},
  year={2016},
  organization={ACM}
}